@misc{Munroe,
author = {Munroe, Randal},
booktitle = {XKCD},
title = {{Git Commit}},
url = {https://xkcd.com/1296/}
}
